%% This BibTeX bibliography file was created using BibDesk.
%% http://bibdesk.sourceforge.net/


%% Created for hzabriskie at 2015-09-29 11:22:58 -0400 


%% Saved with string encoding Unicode (UTF-8) 



@article{1998,
	Author = {H{\"o}rnel, Dominik and Menzel, Wolfram},
	Copyright = {Copyright {\copyright} 1998 The MIT Press},
	Date-Added = {2015-09-29 15:21:26 +0000},
	Date-Modified = {2015-09-29 15:21:53 +0000},
	Issn = {01489267},
	Journal = {Computer Music Journal},
	Jstor_Articletype = {research-article},
	Jstor_Formatteddate = {Winter, 1998},
	Keywords = {neural networks, musical structure},
	Language = {English},
	Number = {4},
	Pages = {pp. 44-62},
	Publisher = {The MIT Press},
	Title = {Learning Musical Structure and Style with Neural Networks},
	Url = {http://www.jstor.org/stable/3680893},
	Volume = {22},
	Year = {1998},
	Bdsk-Url-1 = {http://www.jstor.org/stable/3680893}}

@article{1995,
	Abstract = {In cognitive science and research on artificial intelligence, there are two central paradigms: symbolic and analogical. Within the analogical paradigm, artificial neural networks (ANNs) have recently been successfully used to model and simulate cognitive phenomena. One of the most prominent features of ANNs is their ability to learn by example and, to a certain extent, generalize what they have learned. Improvisation, the art of spontaneously creating music while playing or singing, fundamentally has an imitative nature. Regardless of how much one studies and analyzes, the art of improvisation is learned mostly by example. Instead of memorizing explicit rules, the student mimics the playing of other musicians. This kind of learning procedure cannot be easily modeled with rule- based symbolic systems. ANNs, on the other hand, provide an effective means of modeling and simulating this kind of imitative learning. In this article, a model of jazz improvisation that is based on supervised learning ANNs is described. Some results, achieved by simulations with the model, are presented. The simulations show that the model is able to apply the material it has learned in a new context. It can even create new melodic patterns based on the learned patterns. This kind of adaptability is a direct consequence of the fact that the knowledge resides in a distributed form in the network.},
	Author = {Toiviainen, Petri},
	Copyright = {Copyright {\copyright} 1995 University of California Press},
	Date-Added = {2015-09-29 15:16:21 +0000},
	Date-Modified = {2015-09-29 15:17:00 +0000},
	Issn = {07307829},
	Journal = {Music Perception: An Interdisciplinary Journal},
	Jstor_Articletype = {research-article},
	Jstor_Formatteddate = {Summer, 1995},
	Keywords = {jazz, bebop, neural networks},
	Language = {English},
	Number = {4},
	Pages = {pp. 399-413},
	Publisher = {University of California Press},
	Title = {Modeling the Target-Note Technique of Bebop-Style Jazz Improvisation: An Artificial Neural Network Approach},
	Url = {http://www.jstor.org/stable/40285674},
	Volume = {12},
	Year = {1995},
	Bdsk-Url-1 = {http://www.jstor.org/stable/40285674},
	Bdsk-File-1 = {YnBsaXN0MDDUAQIDBAUGJCVYJHZlcnNpb25YJG9iamVjdHNZJGFyY2hpdmVyVCR0b3ASAAGGoKgHCBMUFRYaIVUkbnVsbNMJCgsMDxJXTlMua2V5c1pOUy5vYmplY3RzViRjbGFzc6INDoACgAOiEBGABIAFgAdccmVsYXRpdmVQYXRoWWFsaWFzRGF0YV8QNi4uLy4uL2FydGljbGVzL0JlYm9wIEltcHJvdmlzYXRpb24gTmV1cmFsIE5ldHdvcmtzLnBkZtIXCxgZV05TLmRhdGFPEQIGAAAAAAIGAAIAAAxNYWNpbnRvc2ggSEQAAAAAAAAAAAAAAAAAAADNZNKaSCsAAANNd8MfQmVib3AgSW1wcm92aXNhdGlvbiMzNEUyRDY2LnBkZgAAAAAAAAAAAAAAAAAAAAAAAAAAAAAAAAAAAAAAAAAAA04tZtIwI78AAAAAAAAAAAACAAIAAAkgAAAAAAAAAAAAAAAAAAAACGFydGljbGVzABAACAAAzWUK2gAAABEACAAA0jBb/wAAAAEAFANNd8MCZLCaAAXxYwAFxGkAAhDpAAIAWk1hY2ludG9zaCBIRDpVc2VyczoAaHphYnJpc2tpZToARHJvcGJveDoAVGhlc2lzOgBhcnRpY2xlczoAQmVib3AgSW1wcm92aXNhdGlvbiMzNEUyRDY2LnBkZgAOAFAAJwBCAGUAYgBvAHAAIABJAG0AcAByAG8AdgBpAHMAYQB0AGkAbwBuACAATgBlAHUAcgBhAGwAIABOAGUAdAB3AG8AcgBrAHMALgBwAGQAZgAPABoADABNAGEAYwBpAG4AdABvAHMAaAAgAEgARAASAFBVc2Vycy9oemFicmlza2llL0Ryb3Bib3gvVGhlc2lzL2FydGljbGVzL0JlYm9wIEltcHJvdmlzYXRpb24gTmV1cmFsIE5ldHdvcmtzLnBkZgATAAEvAAAVAAIAEf//AACABtIbHB0eWiRjbGFzc25hbWVYJGNsYXNzZXNdTlNNdXRhYmxlRGF0YaMdHyBWTlNEYXRhWE5TT2JqZWN00hscIiNcTlNEaWN0aW9uYXJ5oiIgXxAPTlNLZXllZEFyY2hpdmVy0SYnVHJvb3SAAQAIABEAGgAjAC0AMgA3AEAARgBNAFUAYABnAGoAbABuAHEAcwB1AHcAhACOAMcAzADUAt4C4ALlAvAC+QMHAwsDEgMbAyADLQMwA0IDRQNKAAAAAAAAAgEAAAAAAAAAKAAAAAAAAAAAAAAAAAAAA0w=}}

@mastersthesis{nagler2014schubot,
	Author = {Nagler, Dylan Jeremy},
	Date-Added = {2015-09-29 15:11:18 +0000},
	Date-Modified = {2015-09-29 15:12:39 +0000},
	Keywords = {Schubert, chorales, machine learning},
	Month = {March},
	School = {Harvard University},
	Title = {SCHUBOT: Machine Learning Tools for the Automated Analysis of Schubert{\^a}s Lieder},
	Type = {Honors thesis},
	Year = {2014},
	Bdsk-File-1 = {YnBsaXN0MDDUAQIDBAUGJCVYJHZlcnNpb25YJG9iamVjdHNZJGFyY2hpdmVyVCR0b3ASAAGGoKgHCBMUFRYaIVUkbnVsbNMJCgsMDxJXTlMua2V5c1pOUy5vYmplY3RzViRjbGFzc6INDoACgAOiEBGABIAFgAdccmVsYXRpdmVQYXRoWWFsaWFzRGF0YV8QQC4uLy4uLy4uLy4uL0RvY3VtZW50cy9SYW5kb20gRG9jdW1lbnRzL0R5bGFuIE5hZ2xlcidzIFRoZXNpcy5wZGbSFwsYGVdOUy5kYXRhTxEB4AAAAAAB4AACAAAMTWFjaW50b3NoIEhEAAAAAAAAAAAAAAAAAAAAzWTSmkgrAAAABe+BGUR5bGFuIE5hZ2xlcidzIFRoZXNpcy5wZGYAAAAAAAAAAAAAAAAAAAAAAAAAAAAAAAAAAAAAAAAAAAAAAAAAAAC//tfPYDsRAAAAAAAAAAAABAADAAAJIAAAAAAAAAAAAAAAAAAAABBSYW5kb20gRG9jdW1lbnRzABAACAAAzWUK2gAAABEACAAAz2BzUQAAAAEAEAAF74EABcSpAAXEaQACEOkAAgBWTWFjaW50b3NoIEhEOlVzZXJzOgBoemFicmlza2llOgBEb2N1bWVudHM6AFJhbmRvbSBEb2N1bWVudHM6AER5bGFuIE5hZ2xlcidzIFRoZXNpcy5wZGYADgA0ABkARAB5AGwAYQBuACAATgBhAGcAbABlAHIAJwBzACAAVABoAGUAcwBpAHMALgBwAGQAZgAPABoADABNAGEAYwBpAG4AdABvAHMAaAAgAEgARAASAEVVc2Vycy9oemFicmlza2llL0RvY3VtZW50cy9SYW5kb20gRG9jdW1lbnRzL0R5bGFuIE5hZ2xlcidzIFRoZXNpcy5wZGYAABMAAS8AABUAAgAR//8AAIAG0hscHR5aJGNsYXNzbmFtZVgkY2xhc3Nlc11OU011dGFibGVEYXRhox0fIFZOU0RhdGFYTlNPYmplY3TSGxwiI1xOU0RpY3Rpb25hcnmiIiBfEA9OU0tleWVkQXJjaGl2ZXLRJidUcm9vdIABAAgAEQAaACMALQAyADcAQABGAE0AVQBgAGcAagBsAG4AcQBzAHUAdwCEAI4A0QDWAN4CwgLEAskC1ALdAusC7wL2Av8DBAMRAxQDJgMpAy4AAAAAAAACAQAAAAAAAAAoAAAAAAAAAAAAAAAAAAADMA==}}

@mastersthesis{thorpe1998bach,
	Author = {Christopher A. Thorpe},
	Date-Added = {2015-09-29 15:07:26 +0000},
	Date-Modified = {2015-09-29 15:10:40 +0000},
	Keywords = {chorales, Markov},
	Month = {March},
	School = {Harvard University},
	Title = {C.P.U. Bach : using Markov models for chorale harmonization},
	Type = {Honors thesis},
	Year = {1998},
	Bdsk-File-1 = {YnBsaXN0MDDUAQIDBAUGJCVYJHZlcnNpb25YJG9iamVjdHNZJGFyY2hpdmVyVCR0b3ASAAGGoKgHCBMUFRYaIVUkbnVsbNMJCgsMDxJXTlMua2V5c1pOUy5vYmplY3RzViRjbGFzc6INDoACgAOiEBGABIAFgAdccmVsYXRpdmVQYXRoWWFsaWFzRGF0YV8QIC4uLy4uL1RoZXNpcy1DUFUtQmFjaCBUaG9ycGUucGRm0hcLGBlXTlMuZGF0YU8RAcIAAAAAAcIAAgAADE1hY2ludG9zaCBIRAAAAAAAAAAAAAAAAAAAAM1k0ppIKwAAAmSwmhpUaGVzaXMtQ1BVLUJhY2ggVGhvcnBlLnBkZgAAAAAAAAAAAAAAAAAAAAAAAAAAAAAAAAAAAAAAAAAAAAAAAAACZLBX0T8gAAAAAAAAAAAAAAIAAQAACSAAAAAAAAAAAAAAAAAAAAAGVGhlc2lzABAACAAAzWUK2gAAABEACAAA0T9YQAAAAAEAEAJksJoABfFjAAXEaQACEOkAAgBLTWFjaW50b3NoIEhEOlVzZXJzOgBoemFicmlza2llOgBEcm9wYm94OgBUaGVzaXM6AFRoZXNpcy1DUFUtQmFjaCBUaG9ycGUucGRmAAAOADYAGgBUAGgAZQBzAGkAcwAtAEMAUABVAC0AQgBhAGMAaAAgAFQAaABvAHIAcABlAC4AcABkAGYADwAaAAwATQBhAGMAaQBuAHQAbwBzAGgAIABIAEQAEgA6VXNlcnMvaHphYnJpc2tpZS9Ecm9wYm94L1RoZXNpcy9UaGVzaXMtQ1BVLUJhY2ggVGhvcnBlLnBkZgATAAEvAAAVAAIAEf//AACABtIbHB0eWiRjbGFzc25hbWVYJGNsYXNzZXNdTlNNdXRhYmxlRGF0YaMdHyBWTlNEYXRhWE5TT2JqZWN00hscIiNcTlNEaWN0aW9uYXJ5oiIgXxAPTlNLZXllZEFyY2hpdmVy0SYnVHJvb3SAAQAIABEAGgAjAC0AMgA3AEAARgBNAFUAYABnAGoAbABuAHEAcwB1AHcAhACOALEAtgC+AoQChgKLApYCnwKtArECuALBAsYC0wLWAugC6wLwAAAAAAAAAgEAAAAAAAAAKAAAAAAAAAAAAAAAAAAAAvI=}}

@inproceedings{eck2002blues,
	Author = {Eck, Douglas and Schmidhuber, Jurgen},
	Booktitle = {Neural Networks for Signal Processing, 2002. Proceedings of the 2002 12th IEEE Workshop on},
	Date-Added = {2015-09-29 14:35:42 +0000},
	Date-Modified = {2015-09-29 14:54:34 +0000},
	Keywords = {neural networks, RNN, LSTM, jazz},
	Organization = {IEEE},
	Pages = {747--756},
	Title = {Finding temporal structure in music: Blues improvisation with LSTM recurrent networks},
	Year = {2002}}

@misc{karpathy2015rnn,
	Author = {Andrej Karpathy},
	Date-Added = {2015-09-29 14:28:38 +0000},
	Date-Modified = {2015-09-29 14:31:38 +0000},
	Howpublished = {Blog},
	Keywords = {RNN, neural networks},
	Month = {May},
	Title = {The Unreasonable Effectiveness of Recurrent Neural Networks},
	Url = {http://karpathy.github.io/2015/05/21/rnn-effectiveness/},
	Year = {2015}}

@inproceedings{hild1992harmonet,
	Author = {Hild, Hermann and Feulner, Johannes and Menzel, Wolfram},
	Booktitle = {Advances in Neural Information Processing Systems},
	Date-Added = {2015-09-29 14:24:20 +0000},
	Date-Modified = {2015-09-29 14:32:54 +0000},
	Keywords = {neural networks, chorales, harmonization},
	Pages = {267--274},
	Title = {HARMONET: A neural net for harmonizing chorales in the style of JS Bach},
	Year = {1992}}

@article{eck2002first,
	Author = {Eck, Douglas and Schmidhuber, Juergen},
	Date-Modified = {2015-09-29 14:33:09 +0000},
	Journal = {Istituto Dalle Molle Di Studi Sull Intelligenza Artificiale},
	Keywords = {LSTM, RNN, neural networks, jazz},
	Title = {A first look at music composition using lstm recurrent neural networks},
	Year = {2002}}
